@gitcommit{9dce109,
 author = {Brent Longborough},
 date = {2015-11-15},
 title = {Initial commit
},
 commithash = {9dce10970bb6be976ce59f76dd28e52abeb3b103} }
@gitcommit{f558cdd,
 author = {Brent Longborough},
 date = {2015-11-15},
 title = {First code to build pseudo-bibfile
},
 commithash = {f558cddc5a95acb1c081ead6f6e81cb9941941a0} }
@gitcommit{240f4c9,
 author = {Brent Longborough},
 date = {2015-11-15},
 title = {Added data model (not working) - now we step back a bit
},
 commithash = {240f4c9dbb22631f6098fbe45c409ef58cdddb09} }
@gitcommit{b4629f6,
 author = {Brent Longborough},
 date = {2015-11-16},
 title = {First working version full of restrictions
},
 commithash = {b4629f6bb7504b2d6e4a677294a761e1d1d5c659} }
@gitcommit{7f69aba,
 author = {Brent Longborough},
 date = {2015-11-16},
 title = {Merge branch 'feature/Basic.Function' into develop
},
 commithash = {7f69aba7f0c053050cf5bc4dd88c9d42d41180a8} }
@gitcommit{d651d24,
 author = {Brent Longborough},
 date = {2015-11-17},
 title = {Gradually improving things (especially understanding)
},
 commithash = {d651d249a3a14fd270a0f40e5d8124f6c552cc5b} }
@gitcommit{4c1dd2c,
 author = {Brent Longborough},
 date = {2015-11-17},
 title = {Making an MWE for TeX.SX
},
 commithash = {4c1dd2c540ff8a2f2976d972d15071c1f54f9379} }
@gitcommit{9ed8b6f,
 author = {Brent Longborough},
 date = {2015-11-17},
 title = {commithash display solved
},
 commithash = {9ed8b6fa06f031900ac4e145e44da4dd3469a3ba} }
@gitcommit{601242b,
 author = {Brent Longborough},
 date = {2015-11-17},
 title = {Linking the change log to GitHub!
},
 commithash = {601242ba4d9ad8b92bec389a06a98ef80630d7d5} }
@gitcommit{981d564,
 author = {Brent Longborough},
 date = {2015-11-17},
 title = {Merge branch 'feature/Basic.Function' into develop
},
 commithash = {981d564524598c32f4727edbdc3ddf140734590e} }
@gitcommit{65c44ee,
 author = {Brent Longborough},
 date = {2015-11-18},
 title = {Make title a verbatim field
Now ready for first bash at packaging and documentation
},
 commithash = {65c44eeae7ba3c71e80372faf322c696e6f4e102} }
@gitcommit{201cdf1,
 author = {Brent Longborough},
 date = {2015-11-18},
 title = {Merge branch 'feature/Basic.Function' into develop
},
 commithash = {201cdf142aa893d21eca3e23a60306c9204cd979} }
@gitcommit{11ca996,
 author = {Brent Longborough},
 date = {2015-11-18},
 title = {Initial packaging complete
},
 commithash = {11ca996b93ce53ad181326061f06f82f3729ad2e} }
@gitcommit{b65bf5a,
 author = {Brent Longborough},
 date = {2015-11-18},
 title = {Fix for git R.2 problem
},
 commithash = {b65bf5aab0851d969bc29fe5aa6216ba0bcfc278} }
@gitcommit{63ba36f,
 author = {Brent Longborough},
 date = {2015-11-18},
 title = {Tagged with gitinfo2
},
 commithash = {63ba36f38633c2739b594758b46e5d0166090ed3} }
@gitcommit{9cde412,
 author = {Brent Longborough},
 date = {2015-11-19},
 title = {Added makefile, new documentation file
},
 commithash = {9cde4128b47811cbbe8ca8271d34b8902e761836} }
@gitcommit{afcea87,
 author = {Brent Longborough},
 date = {2015-11-19},
 title = {Improve handling of gitlog bib file
Tailor filename and suffix
Improved defaults
},
 commithash = {afcea874a40df40236e6b7d99f68735e7c0ce9ee} }
@gitcommit{4562bf2,
 author = {Brent Longborough},
 date = {2015-11-19},
 title = {Change gitlog bib file defaults
Assume nowrite for non-default bib file name
},
 commithash = {4562bf26a848fe10b88a720350ddfb9be7185d87} }
@gitcommit{d798eba,
 author = {Brent Longborough},
 date = {2015-11-19},
 title = {Merge branch 'feature/Refine.Options' into develop
},
 commithash = {d798eba144041701e562afe01d76b59ca5c8cee8} }
@gitcommit{7ca98b4,
 author = {Brent Longborough},
 date = {2015-11-19},
 title = {Tidy the (test) documents; remove local dependency
},
 commithash = {7ca98b436ecf1d44b6746ecf92b688432da5a1e7} }
@gitcommit{fa237e9,
 author = {Brent Longborough},
 date = {2015-11-19},
 title = {Ensure auxfiles cleaned up before build
},
 commithash = {fa237e9d38bc71853c573e9f9295fe5715a25d4f} }
@gitcommit{b4b7a78,
 author = {Brent Longborough},
 date = {2015-11-19},
 title = {First published results, as a pdf
},
 commithash = {b4b7a7855a4814e529e60ba5e5bfce8c26e04d37} }
@gitcommit{8aaa18d,
 author = {Brent Longborough},
 date = {2015-11-21},
 title = {Implemented commit link option for Bitbucket
},
 commithash = {8aaa18d5413f6a35cd88bb76dc88921baebe5bfd} }
@gitcommit{e009031,
 author = {Brent Longborough},
 date = {2015-11-21},
 title = {Filling out the README
},
 commithash = {e009031c8b37837888a3deddc1f5838d2727e2ca} }
@gitcommit{a9eb541,
 author = {Brent Longborough},
 date = {2015-11-21},
 title = {Slight (PEBKAC) struggle with Markdown
},
 commithash = {a9eb541bc67a3cb8ebfd8388964c51b4aaabdbe4} }
@gitcommit{3410e54,
 author = {Brent Longborough},
 date = {2015-11-21},
 title = {More Markdown lessons needed
},
 commithash = {3410e54e7164141be18a600c424131f5f66a01c8} }
@gitcommit{03ae070,
 author = {Brent Longborough},
 date = {2015-11-20},
 title = {Starting in on the documentation
Refining Makefile
},
 commithash = {03ae07091187dd3ae7c6f5e136f84ac97576e352} }
@gitcommit{f1d08b0,
 author = {Brent Longborough},
 date = {2015-11-21},
 title = {Generate sample gitlog.bib outside of TeX (no write18)
Ensure clean build
},
 commithash = {f1d08b0ef0a38e0f9b05c24f61490404803e9a05} }
@gitcommit{83d3553,
 author = {Brent Longborough},
 date = {2015-11-21},
 title = {Working on manual
},
 commithash = {83d3553a3985f07a56456da1f118f482a8748466} }
@gitcommit{89599b6,
 author = {Brent Longborough},
 date = {2015-11-21},
 title = {Finalise documentation for first release
},
 commithash = {89599b692692bc077a404677f62ff95cc29aa3bc} }
@gitcommit{965b231,
 author = {Brent Longborough},
 date = {2015-11-21},
 title = {Merge branch 'feature/Early.Documentation' into develop
},
 commithash = {965b231117452d7b3aeee1318309a6b5d24d036c} }
@gitcommit{546f296,
 author = {Brent Longborough},
 date = {2015-11-21},
 title = {Prepare for Release 0.0.beta
},
 commithash = {546f2962be367448568a5598d1aa563db1dc1fc7} }
@gitcommit{34e186e,
 author = {Brent Longborough},
 date = {2015-11-21},
 title = {Merge branch 'release/0.0.beta' into CTAN
},
 commithash = {34e186e149ed6260a62bf11fc3601a29646ce1ec} }
@gitcommit{3b2c518,
 author = {Brent Longborough},
 date = {2015-11-21},
 title = {Ensure correct file permissions (again!)
},
 commithash = {3b2c51811e0929696723f1f777ac0cc6ba646727} }